%YAML 1.1
%TAG !u! tag:unity3d.com,2011:
--- !u!1001 &100100000
Prefab:
  m_ObjectHideFlags: 1
  serializedVersion: 2
  m_Modification:
    m_TransformParent: {fileID: 0}
    m_Modifications: []
    m_RemovedComponents: []
  m_ParentPrefab: {fileID: 0}
  m_RootGameObject: {fileID: 1000010408654822}
  m_IsPrefabParent: 1
--- !u!1 &1000010408654822
GameObject:
  m_ObjectHideFlags: 0
  m_PrefabParentObject: {fileID: 0}
  m_PrefabInternal: {fileID: 100100000}
  serializedVersion: 4
  m_Component:
  - 4: {fileID: 4000010179186936}
  - 114: {fileID: 114000011028855020}
  - 114: {fileID: 114000014201669686}
  - 114: {fileID: 114000012970273248}
  m_Layer: 0
  m_Name: Inventory
  m_TagString: Untagged
  m_Icon: {fileID: 7250588514170254948, guid: 0000000000000000d000000000000000, type: 0}
  m_NavMeshLayer: 0
  m_StaticEditorFlags: 0
  m_IsActive: 1
--- !u!4 &4000010179186936
Transform:
  m_ObjectHideFlags: 1
  m_PrefabParentObject: {fileID: 0}
  m_PrefabInternal: {fileID: 100100000}
  m_GameObject: {fileID: 1000010408654822}
  m_LocalRotation: {x: 0, y: 0, z: 0, w: 1}
  m_LocalPosition: {x: 2.87, y: -1.9, z: 0}
  m_LocalScale: {x: 1, y: 1, z: 1}
  m_LocalEulerAnglesHint: {x: 0, y: 0, z: 0}
  m_Children: []
  m_Father: {fileID: 0}
  m_RootOrder: 0
--- !u!114 &114000011028855020
MonoBehaviour:
  m_ObjectHideFlags: 1
  m_PrefabParentObject: {fileID: 0}
  m_PrefabInternal: {fileID: 100100000}
  m_GameObject: {fileID: 1000010408654822}
  m_Enabled: 1
  m_EditorHideFlags: 0
  m_Script: {fileID: 11500000, guid: 68e6c572a252848438ce4fc7e89f297b, type: 3}
  m_Name: 
  m_EditorClassIdentifier: 
  FileName: 
  posionActive: 0
  database: {fileID: 0}
  Potion: {fileID: 1000014155869488, guid: fe039e58e7510fc40a72488aa06f401f, type: 2}
  inventorySlot: {fileID: 1000011329049344, guid: ec3f84beb56e83f46bfb0af8ccf79b52,
    type: 2}
  inventoryItem: {fileID: 1000010297084354, guid: e4e42b080ef83e346af45846ae9334a8,
    type: 2}
  items: []
  slots: []
  showv: 0
  panelventa: {fileID: 0}
--- !u!114 &114000012970273248
MonoBehaviour:
  m_ObjectHideFlags: 1
  m_PrefabParentObject: {fileID: 0}
  m_PrefabInternal: {fileID: 100100000}
  m_GameObject: {fileID: 1000010408654822}
  m_Enabled: 1
  m_EditorHideFlags: 0
  m_Script: {fileID: 11500000, guid: 64bb3eec77da6ff45822e6e724ae0870, type: 3}
  m_Name: 
  m_EditorClassIdentifier: 
--- !u!114 &114000014201669686
MonoBehaviour:
  m_ObjectHideFlags: 1
  m_PrefabParentObject: {fileID: 0}
  m_PrefabInternal: {fileID: 100100000}
  m_GameObject: {fileID: 1000010408654822}
  m_Enabled: 1
  m_EditorHideFlags: 0
  m_Script: {fileID: 11500000, guid: bdd87fb9fb75e474b983046a57ad8a41, type: 3}
  m_Name: 
  m_EditorClassIdentifier: 
