%YAML 1.1
%TAG !u! tag:unity3d.com,2011:
--- !u!1001 &100100000
Prefab:
  m_ObjectHideFlags: 1
  serializedVersion: 2
  m_Modification:
    m_TransformParent: {fileID: 0}
    m_Modifications: []
    m_RemovedComponents: []
  m_ParentPrefab: {fileID: 0}
  m_RootGameObject: {fileID: 1000011636131168}
  m_IsPrefabParent: 1
--- !u!1 &1000011636131168
GameObject:
  m_ObjectHideFlags: 0
  m_PrefabParentObject: {fileID: 0}
  m_PrefabInternal: {fileID: 100100000}
  serializedVersion: 4
  m_Component:
  - 4: {fileID: 4000013387442472}
  - 114: {fileID: 114000011596745132}
  - 114: {fileID: 114000010012314866}
  - 114: {fileID: 114000012957941860}
  - 114: {fileID: 114000011537295542}
  m_Layer: 0
  m_Name: LevelManager
  m_TagString: Untagged
  m_Icon: {fileID: 0}
  m_NavMeshLayer: 0
  m_StaticEditorFlags: 0
  m_IsActive: 1
--- !u!4 &4000013387442472
Transform:
  m_ObjectHideFlags: 1
  m_PrefabParentObject: {fileID: 0}
  m_PrefabInternal: {fileID: 100100000}
  m_GameObject: {fileID: 1000011636131168}
  m_LocalRotation: {x: 0, y: 0, z: 0, w: 1}
  m_LocalPosition: {x: -5.4106674, y: -38, z: 0}
  m_LocalScale: {x: 1, y: 1, z: 1}
  m_LocalEulerAnglesHint: {x: 0, y: 0, z: 0}
  m_Children: []
  m_Father: {fileID: 0}
  m_RootOrder: 0
--- !u!114 &114000010012314866
MonoBehaviour:
  m_ObjectHideFlags: 1
  m_PrefabParentObject: {fileID: 0}
  m_PrefabInternal: {fileID: 100100000}
  m_GameObject: {fileID: 1000011636131168}
  m_Enabled: 1
  m_EditorHideFlags: 0
  m_Script: {fileID: 11500000, guid: 40d4052ba10438d48882106f5c61ca0a, type: 3}
  m_Name: 
  m_EditorClassIdentifier: 
  levelmanager: {fileID: 0}
  inventory: {fileID: 0}
  perfil: []
  Player:
  - {fileID: 0}
  - {fileID: 0}
  - {fileID: 0}
  btnFile:
  - {fileID: 0}
  - {fileID: 0}
  - {fileID: 0}
  Name: {fileID: 0}
--- !u!114 &114000011537295542
MonoBehaviour:
  m_ObjectHideFlags: 1
  m_PrefabParentObject: {fileID: 0}
  m_PrefabInternal: {fileID: 100100000}
  m_GameObject: {fileID: 1000011636131168}
  m_Enabled: 1
  m_EditorHideFlags: 0
  m_Script: {fileID: 11500000, guid: cb2d596f84101b0439b3e26ae64aa217, type: 3}
  m_Name: 
  m_EditorClassIdentifier: 
  BGM: {fileID: 0}
--- !u!114 &114000011596745132
MonoBehaviour:
  m_ObjectHideFlags: 1
  m_PrefabParentObject: {fileID: 0}
  m_PrefabInternal: {fileID: 100100000}
  m_GameObject: {fileID: 1000011636131168}
  m_Enabled: 1
  m_EditorHideFlags: 0
  m_Script: {fileID: 11500000, guid: 4808e7cdcbed1bb4aab692aa8bf523bf, type: 3}
  m_Name: 
  m_EditorClassIdentifier: 
  isActivePlayer: 0
  panelHeart: {fileID: 0}
  Menu: {fileID: 0}
  Xpbar: {fileID: 0}
  ongui: 1
  isDialog: 0
  respawnDelay: 5
  gamePlayer: {fileID: 0}
  levelActual: 0
  _XP: 0
  _money: 0
  _currentLevel: 0
--- !u!114 &114000012957941860
MonoBehaviour:
  m_ObjectHideFlags: 1
  m_PrefabParentObject: {fileID: 0}
  m_PrefabInternal: {fileID: 100100000}
  m_GameObject: {fileID: 1000011636131168}
  m_Enabled: 1
  m_EditorHideFlags: 0
  m_Script: {fileID: 11500000, guid: a6546d61ea2f4894995cdbae67875b64, type: 3}
  m_Name: 
  m_EditorClassIdentifier: 
  fullscreenToggle: {fileID: 0}
  resolutionDropdown: {fileID: 0}
  textureQualityDropdown: {fileID: 0}
  antialiasingDropdown: {fileID: 0}
  vSyncDropdown: {fileID: 0}
  musicVolumeSlider: {fileID: 0}
  audioSource: {fileID: 114000011537295542}
