%YAML 1.1
%TAG !u! tag:unity3d.com,2011:
--- !u!1001 &100100000
Prefab:
  m_ObjectHideFlags: 1
  serializedVersion: 2
  m_Modification:
    m_TransformParent: {fileID: 0}
    m_Modifications: []
    m_RemovedComponents: []
  m_ParentPrefab: {fileID: 0}
  m_RootGameObject: {fileID: 1000010249391290}
  m_IsPrefabParent: 1
--- !u!1 &1000010249391290
GameObject:
  m_ObjectHideFlags: 0
  m_PrefabParentObject: {fileID: 0}
  m_PrefabInternal: {fileID: 100100000}
  serializedVersion: 4
  m_Component:
  - 4: {fileID: 4000011064972914}
  - 212: {fileID: 212000011445391664}
  - 50: {fileID: 50000011074086288}
  - 95: {fileID: 95000011937379538}
  - 114: {fileID: 114000011791466680}
  - 114: {fileID: 114000012591871554}
  - 114: {fileID: 114000011508500206}
  - 58: {fileID: 58000012440707054}
  m_Layer: 11
  m_Name: Haifa
  m_TagString: Enemy
  m_Icon: {fileID: 0}
  m_NavMeshLayer: 0
  m_StaticEditorFlags: 0
  m_IsActive: 1
--- !u!1 &1000011754538764
GameObject:
  m_ObjectHideFlags: 0
  m_PrefabParentObject: {fileID: 0}
  m_PrefabInternal: {fileID: 100100000}
  serializedVersion: 4
  m_Component:
  - 4: {fileID: 4000013613660002}
  m_Layer: 11
  m_Name: GroundCheck
  m_TagString: Untagged
  m_Icon: {fileID: 0}
  m_NavMeshLayer: 0
  m_StaticEditorFlags: 0
  m_IsActive: 1
--- !u!1 &1000012449416036
GameObject:
  m_ObjectHideFlags: 0
  m_PrefabParentObject: {fileID: 0}
  m_PrefabInternal: {fileID: 100100000}
  serializedVersion: 4
  m_Component:
  - 4: {fileID: 4000010395800774}
  - 60: {fileID: 60000010289083428}
  m_Layer: 0
  m_Name: collider
  m_TagString: Enemy
  m_Icon: {fileID: 0}
  m_NavMeshLayer: 0
  m_StaticEditorFlags: 0
  m_IsActive: 1
--- !u!1 &1000013573389724
GameObject:
  m_ObjectHideFlags: 0
  m_PrefabParentObject: {fileID: 0}
  m_PrefabInternal: {fileID: 100100000}
  serializedVersion: 4
  m_Component:
  - 4: {fileID: 4000012170828828}
  m_Layer: 11
  m_Name: CeilingCheck
  m_TagString: Untagged
  m_Icon: {fileID: 0}
  m_NavMeshLayer: 0
  m_StaticEditorFlags: 0
  m_IsActive: 1
--- !u!4 &4000010395800774
Transform:
  m_ObjectHideFlags: 1
  m_PrefabParentObject: {fileID: 0}
  m_PrefabInternal: {fileID: 100100000}
  m_GameObject: {fileID: 1000012449416036}
  m_LocalRotation: {x: -0, y: -0, z: -0, w: 1}
  m_LocalPosition: {x: 0.136, y: 0.093, z: 0}
  m_LocalScale: {x: 1, y: 1, z: 1}
  m_LocalEulerAnglesHint: {x: 0, y: 0, z: 0}
  m_Children: []
  m_Father: {fileID: 4000011064972914}
  m_RootOrder: 2
--- !u!4 &4000011064972914
Transform:
  m_ObjectHideFlags: 1
  m_PrefabParentObject: {fileID: 0}
  m_PrefabInternal: {fileID: 100100000}
  m_GameObject: {fileID: 1000010249391290}
  m_LocalRotation: {x: 0, y: 0, z: 0, w: 1}
  m_LocalPosition: {x: 35.7649, y: -18.478006, z: -5}
  m_LocalScale: {x: 1, y: 1, z: 1}
  m_LocalEulerAnglesHint: {x: 0, y: 0, z: 0}
  m_Children:
  - {fileID: 4000013613660002}
  - {fileID: 4000012170828828}
  - {fileID: 4000010395800774}
  m_Father: {fileID: 0}
  m_RootOrder: 0
--- !u!4 &4000012170828828
Transform:
  m_ObjectHideFlags: 1
  m_PrefabParentObject: {fileID: 0}
  m_PrefabInternal: {fileID: 100100000}
  m_GameObject: {fileID: 1000013573389724}
  m_LocalRotation: {x: -0, y: -0, z: -0, w: 1}
  m_LocalPosition: {x: -1.1477108, y: 4.5376067, z: 0.29323626}
  m_LocalScale: {x: 7.2310348, y: 7.2310367, z: 7.231036}
  m_LocalEulerAnglesHint: {x: 0, y: 0, z: 0}
  m_Children: []
  m_Father: {fileID: 4000011064972914}
  m_RootOrder: 1
--- !u!4 &4000013613660002
Transform:
  m_ObjectHideFlags: 1
  m_PrefabParentObject: {fileID: 0}
  m_PrefabInternal: {fileID: 100100000}
  m_GameObject: {fileID: 1000011754538764}
  m_LocalRotation: {x: -0, y: -0, z: -0, w: 1}
  m_LocalPosition: {x: -1.2677116, y: 3.4696064, z: 0.29323626}
  m_LocalScale: {x: 7.2310348, y: 7.2310367, z: 7.231036}
  m_LocalEulerAnglesHint: {x: 0, y: 0, z: 0}
  m_Children: []
  m_Father: {fileID: 4000011064972914}
  m_RootOrder: 0
--- !u!50 &50000011074086288
Rigidbody2D:
  serializedVersion: 2
  m_ObjectHideFlags: 1
  m_PrefabParentObject: {fileID: 0}
  m_PrefabInternal: {fileID: 100100000}
  m_GameObject: {fileID: 1000010249391290}
  m_UseAutoMass: 0
  m_Mass: 1
  m_LinearDrag: 0
  m_AngularDrag: 0.05
  m_GravityScale: 1
  m_IsKinematic: 0
  m_Interpolate: 0
  m_SleepingMode: 1
  m_CollisionDetection: 0
  m_Constraints: 4
--- !u!58 &58000012440707054
CircleCollider2D:
  m_ObjectHideFlags: 1
  m_PrefabParentObject: {fileID: 0}
  m_PrefabInternal: {fileID: 100100000}
  m_GameObject: {fileID: 1000010249391290}
  m_Enabled: 1
  m_Density: 1
  m_Material: {fileID: 0}
  m_IsTrigger: 0
  m_UsedByEffector: 0
  m_Offset: {x: -0.14, y: -0.28}
  serializedVersion: 2
  m_Radius: 0.24
--- !u!60 &60000010289083428
PolygonCollider2D:
  m_ObjectHideFlags: 1
  m_PrefabParentObject: {fileID: 0}
  m_PrefabInternal: {fileID: 100100000}
  m_GameObject: {fileID: 1000012449416036}
  m_Enabled: 1
  m_Density: 1
  m_Material: {fileID: 0}
  m_IsTrigger: 1
  m_UsedByEffector: 0
  m_Offset: {x: 0, y: 0}
  m_Points:
    m_Paths:
    - - {x: -0.5647968, y: 0.29795593}
      - {x: -0.45897865, y: 0.38790512}
      - {x: -0.40615687, y: 0.40198463}
      - {x: -0.3173965, y: 0.4453711}
      - {x: -0.2859405, y: 0.5055265}
      - {x: -0.22192988, y: 0.55823797}
      - {x: -0.10982546, y: 0.57854456}
      - {x: -0.005943626, y: 0.5891852}
      - {x: 0.081273705, y: 0.566472}
      - {x: 0.1307427, y: 0.514141}
      - {x: 0.14351049, y: 0.43858045}
      - {x: 0.17178693, y: 0.38460392}
      - {x: 0.16353193, y: 0.22444814}
      - {x: 0.12593079, y: 0.12967777}
      - {x: 0.105897576, y: 0.07403224}
      - {x: 0.11473432, y: 0.02310174}
      - {x: 0.20766988, y: -0.093846865}
      - {x: 0.25541654, y: -0.15832764}
      - {x: 0.27036443, y: -0.22408825}
      - {x: 0.3804852, y: -0.16994625}
      - {x: 0.4785153, y: -0.06891496}
      - {x: 0.5252377, y: -0.011103697}
      - {x: 0.5728375, y: -0.016306944}
      - {x: 0.6773373, y: -0.053689547}
      - {x: 0.7182541, y: -0.13858509}
      - {x: 0.6727177, y: -0.22978216}
      - {x: 0.5525757, y: -0.25658804}
      - {x: 0.47296333, y: -0.26603794}
      - {x: 0.38047186, y: -0.2945977}
      - {x: 0.2899243, y: -0.3227039}
      - {x: 0.2703282, y: -0.40087467}
      - {x: 0.2057797, y: -0.41271406}
      - {x: 0.13022962, y: -0.42867523}
      - {x: 0.06036344, y: -0.42484146}
      - {x: 0.0064941943, y: -0.4637285}
      - {x: -0.036793083, y: -0.42190558}
      - {x: -0.12314257, y: -0.4768439}
      - {x: -0.08096537, y: -0.54813963}
      - {x: -0.15866312, y: -0.570201}
      - {x: -0.2070446, y: -0.5605755}
      - {x: -0.3509159, y: -0.5493727}
      - {x: -0.37950167, y: -0.54260784}
      - {x: -0.52667654, y: -0.5081778}
      - {x: -0.51227033, y: -0.4377485}
      - {x: -0.5361084, y: -0.3748594}
      - {x: -0.58754385, y: -0.35218197}
      - {x: -0.6353134, y: -0.26036507}
      - {x: -0.6887649, y: -0.28440434}
      - {x: -0.7304615, y: -0.21186692}
      - {x: -0.69224393, y: -0.16265827}
      - {x: -0.7097038, y: -0.052726813}
      - {x: -0.66712797, y: 0.019282274}
      - {x: -0.6692432, y: 0.108596735}
      - {x: -0.6230831, y: 0.18147278}
--- !u!95 &95000011937379538
Animator:
  serializedVersion: 3
  m_ObjectHideFlags: 1
  m_PrefabParentObject: {fileID: 0}
  m_PrefabInternal: {fileID: 100100000}
  m_GameObject: {fileID: 1000010249391290}
  m_Enabled: 0
  m_Avatar: {fileID: 0}
  m_Controller: {fileID: 9100000, guid: 7fffed3f5dd51804d95397102a38ca31, type: 2}
  m_CullingMode: 0
  m_UpdateMode: 0
  m_ApplyRootMotion: 0
  m_LinearVelocityBlending: 0
  m_WarningMessage: 
  m_HasTransformHierarchy: 1
  m_AllowConstantClipSamplingOptimization: 1
--- !u!114 &114000011508500206
MonoBehaviour:
  m_ObjectHideFlags: 1
  m_PrefabParentObject: {fileID: 0}
  m_PrefabInternal: {fileID: 100100000}
  m_GameObject: {fileID: 1000010249391290}
  m_Enabled: 1
  m_EditorHideFlags: 0
  m_Script: {fileID: 11500000, guid: 6fe61e10d09531b42ac6b67de621a881, type: 3}
  m_Name: 
  m_EditorClassIdentifier: 
  players_layer:
    serializedVersion: 2
    m_Bits: 512
  radioAgro: 2
  maxSpeedt: 0
  maxSpeed: 3
  agroTime: 0
  damagePoints: 1
  objectToFollow: {fileID: 0}
  armor: 3
  armortemp: 0
--- !u!114 &114000011791466680
MonoBehaviour:
  m_ObjectHideFlags: 1
  m_PrefabParentObject: {fileID: 0}
  m_PrefabInternal: {fileID: 100100000}
  m_GameObject: {fileID: 1000010249391290}
  m_Enabled: 1
  m_EditorHideFlags: 0
  m_Script: {fileID: 11500000, guid: e6cda37d212939c4fa2272bc92da4cc9, type: 3}
  m_Name: 
  m_EditorClassIdentifier: 
  deathParticulesPrefab: {fileID: 1000010712088174, guid: ffebc54aa18c8954bbc22aab70a6e9b1,
    type: 2}
  gameLevelManager: {fileID: 0}
  destroyedOnDeath: 1
  isplayer: 0
  isBoos: 0
  loot: 5
  itemboos: 0
  _healthPoints: 10
--- !u!114 &114000012591871554
MonoBehaviour:
  m_ObjectHideFlags: 1
  m_PrefabParentObject: {fileID: 0}
  m_PrefabInternal: {fileID: 100100000}
  m_GameObject: {fileID: 1000010249391290}
  m_Enabled: 1
  m_EditorHideFlags: 0
  m_Script: {fileID: 11500000, guid: 9a969cb002b4d03488f3dcb6c0f1310f, type: 3}
  m_Name: 
  m_EditorClassIdentifier: 
  isPlayer: 0
  Posion: 0
  Weakness: 0
  slow: 0
--- !u!212 &212000011445391664
SpriteRenderer:
  m_ObjectHideFlags: 1
  m_PrefabParentObject: {fileID: 0}
  m_PrefabInternal: {fileID: 100100000}
  m_GameObject: {fileID: 1000010249391290}
  m_Enabled: 1
  m_CastShadows: 0
  m_ReceiveShadows: 0
  m_MotionVectors: 1
  m_LightProbeUsage: 0
  m_ReflectionProbeUsage: 0
  m_Materials:
  - {fileID: 10754, guid: 0000000000000000f000000000000000, type: 0}
  m_SubsetIndices: 
  m_StaticBatchRoot: {fileID: 0}
  m_ProbeAnchor: {fileID: 0}
  m_LightProbeVolumeOverride: {fileID: 0}
  m_ScaleInLightmap: 1
  m_PreserveUVs: 0
  m_IgnoreNormalsForChartDetection: 0
  m_ImportantGI: 0
  m_SelectedWireframeHidden: 1
  m_MinimumChartSize: 4
  m_AutoUVMaxDistance: 0.5
  m_AutoUVMaxAngle: 89
  m_LightmapParameters: {fileID: 0}
  m_SortingLayerID: 0
  m_SortingOrder: 0
  m_Sprite: {fileID: 21300000, guid: a177f340925ad46449349fd53484b2ec, type: 3}
  m_Color: {r: 1, g: 1, b: 1, a: 1}
  m_FlipX: 0
  m_FlipY: 0
